%% This BibTeX bibliography file was created using BibDesk.
%% http://bibdesk.sourceforge.net/


%% Created for Reshad Hosseini at 2016-07-19 11:46:02 +0430 


%% Saved with string encoding Unicode (UTF-8) 


@comment{jabref-meta: groupsversion:3;}
@comment{jabref-meta: groupstree: 0 AllEntriesGroup:; 1 ExplicitGroup:Segmentation\;0\;zhu_pixels_2015\;comaniciu_mean_2002\ ;felzenszwalb_efficient_2004\;shi_normalized_2000\;chan_active_2001\;o hlander_picture_1978\;brice_scene_1970\;beare_locally_2006\;deng_image net_2009\;kim_multiple_2012\;joulin_multiclass_2012\;rother_cosegmenta tion_2006\;rother_grabcut_2004\;nguyen_robust_2012\;; 1 ExplicitGroup:vMF kmeans - IKT2015\;0\;sra_data_2015\;bangert_using_ 2010\;banerjee_generative_2003\;tang_generative_2009\;hasnat_hierarchi cal_2013\;zhang_competitive_2004\;panagopoulos_robust_2009\;srivastava _text_2009\;mcgraw_segmentation_2006\;gopal_misesfisher_2014\;banerjee _clustering_2005\;wolfe_pattern_1970\;sclove_population_1977\;zhang_pr obabilistic_2009\;mardia_directional_2009\;aloise_nphardness_2009\;fig ueiredo_unsupervised_2002-1\;arthur_kmeans_2007\;fink_algorithms_2012\ ;xie_laplacian_2012\;dempster_maximum_1977\;manning_introduction_2008\ ;forgy_cluster_1965\;; }



@article{ueda_split_2000,
	Abstract = {The EM algorithm for Gaussian mixture models often gets caught in local maxima of the likelihood which involve having too many Gaussians in one part of the space and too few in another, widely separated part of the space. We present a new EM algorithm which performs split and merge operations on the Gaussians to escape from these configurations. This algorithm uses two novel criteria for efficiently selecting the split and merge candidates. Experimental results on synthetic and real data show the effectiveness of using the split and merge operations to improve the likelihood of both the training data and of held-out test data.},
	Annote = {SMEM 2000},
	Author = {{Ueda}, Naonori and {Nakano}, Ryohei and {Ghahramani}, Zoubin and {Hinton}, Geoffrey E.},
	Doi = {10.1023/A:1008155703044},
	File = {SMEM - Ueda et al. - 2000 - Split and Merge EM Algorithm for Improving Gaussian.pdf:D\:\\Documents\\Zotero\\storage\\B3USKEQT\\SMEM - Ueda et al. - 2000 - Split and Merge EM Algorithm for Improving Gaussian.pdf:application/pdf},
	Issn = {0922-5773, 1573-109X},
	Journal = {Journal of {VLSI} signal processing systems for signal, image and video technology},
	Keywords = {Electronic and Computer Engineering,Signal; Image and Speech Processing},
	Language = {en},
	Month = aug,
	Number = {1-2},
	Pages = {133--140},
	Timestamp = {2015-03-06T06:25:49Z},
	Title = {Split and {Merge} {EM} {Algorithm} for {Improving} {Gaussian} {Mixture} {Density} {Estimates}},
	Url = {http://link.springer.com/article/10.1023/A\%3A1008155703044},
	Urldate = {2015-03-06},
	Volume = {26},
	Year = {2000},
	Bdsk-Url-1 = {http://link.springer.com/article/10.1023/A%5C%3A1008155703044},
	Bdsk-Url-2 = {http://dx.doi.org/10.1023/A:1008155703044}}

@book{mclachlan_finite_2004,
	Author = {{McLachlan}, Geoffrey and {Peel}, David},
	Publisher = {{John Wiley \& Sons}},
	Timestamp = {2015-06-08T06:38:18Z},
	Title = {Finite mixture models},
	Url = {https://books.google.com/books?hl=en\&lr=\&id=c2_fAox0DQoC\&oi=fnd\&pg=PR7\&dq=mclachlan+mixture\&ots=IsQC1W49pC\&sig=nYlIBmoNBhBQ5n9R2Ol0NZb6wJk},
	Urldate = {2015-06-08},
	Year = {2004},
	Bdsk-Url-1 = {https://books.google.com/books?hl=en%5C&lr=%5C&id=c2_fAox0DQoC%5C&oi=fnd%5C&pg=PR7%5C&dq=mclachlan+mixture%5C&ots=IsQC1W49pC%5C&sig=nYlIBmoNBhBQ5n9R2Ol0NZb6wJk}}

@article{dembo_information_1991,
	Author = {{Dembo}, Amir and {Cover}, Thomas M. and {Thomas}, Joy and {others}},
	File = {1501demb.pdf:D\:\\Documents\\Zotero\\storage\\3IHMBAM2\\1501demb.pdf:application/pdf},
	Journal = {Information {Theory}, {IEEE} {Transactions} on},
	Number = {6},
	Pages = {1501--1518},
	Timestamp = {2015-06-09T06:47:58Z},
	Title = {Information theoretic inequalities},
	Url = {http://ieeexplore.ieee.org/xpls/abs_all.jsp?arnumber=104312},
	Urldate = {2015-06-09},
	Volume = {37},
	Year = {1991},
	Bdsk-Url-1 = {http://ieeexplore.ieee.org/xpls/abs_all.jsp?arnumber=104312}}

@article{ciuperca_penalized_2003,
	Author = {{Ciuperca}, Gabriela and {Ridolfi}, Andrea and {Idier}, J{\'e}rome},
	File = {Ciuperca03.pdf:D\:\\Documents\\Zotero\\storage\\SRGRIPRQ\\Ciuperca03.pdf:application/pdf},
	Journal = {Scandinavian {Journal} of {Statistics}},
	Number = {1},
	Pages = {45--59},
	Timestamp = {2015-06-09T11:07:18Z},
	Title = {Penalized maximum likelihood estimator for normal mixtures},
	Url = {http://onlinelibrary.wiley.com/doi/10.1111/1467-9469.00317/full},
	Urldate = {2015-06-09},
	Volume = {30},
	Year = {2003},
	Bdsk-Url-1 = {http://onlinelibrary.wiley.com/doi/10.1111/1467-9469.00317/full}}

@article{yang_unsupervised_2008,
	Author = {{Yang}, Allen Y. and {Wright}, John and {Ma}, Yi and {Sastry}, S. Shankar},
	File = {Unsupervised segmentation of natural images via lossy data compression.pdf:D\:\\Documents\\Zotero\\storage\\TW7GNW82\\Unsupervised segmentation of natural images via lossy data compression.pdf:application/pdf},
	Journal = {Computer {Vision} and {Image} {Understanding}},
	Number = {2},
	Pages = {212--225},
	Timestamp = {2015-06-23T12:52:00Z},
	Title = {Unsupervised segmentation of natural images via lossy data compression},
	Url = {http://www.sciencedirect.com/science/article/pii/S1077314207001300},
	Urldate = {2015-06-23},
	Volume = {110},
	Year = {2008},
	Bdsk-Url-1 = {http://www.sciencedirect.com/science/article/pii/S1077314207001300}}

@book{zhang_advances_2006,
	Author = {{Zhang}, Yu-Jin},
	File = {[Yu-jin_Zhang]_Advances_in_Image_And_Video_Segment(BookFi.org).pdf:D\:\\Documents\\Zotero\\storage\\ZZIK8WBQ\\[Yu-jin_Zhang]_Advances_in_Image_And_Video_Segment(BookFi.org).pdf:application/pdf},
	Publisher = {{IGI Global}},
	Timestamp = {2015-07-14T13:30:25Z},
	Title = {Advances in image and video segmentation},
	Url = {https://books.google.com/books?hl=en\&lr=\&id=VMWrAh2Di2QC\&oi=fnd\&pg=PR1\&dq=Zhang+Advances+in+image+and+video+segmentation\&ots=MVjSKMbFwd\&sig=lGzMjkzMkzKcrU6fPsESZQMAWsE},
	Urldate = {2015-07-14},
	Year = {2006},
	Bdsk-Url-1 = {https://books.google.com/books?hl=en%5C&lr=%5C&id=VMWrAh2Di2QC%5C&oi=fnd%5C&pg=PR1%5C&dq=Zhang+Advances+in+image+and+video+segmentation%5C&ots=MVjSKMbFwd%5C&sig=lGzMjkzMkzKcrU6fPsESZQMAWsE}}

@article{hosseini_mixest_toappear,
	Author = {{Hosseini}, Reshad and {Mash'al}, Mohamadreza},
	File = {mixest.pdf:D\:\\Documents\\Zotero\\storage\\GIXR4MRW\\mixest.pdf:application/pdf},
	Journal = {eprint {arXiv}:1507.06065},
	Month = jul,
	Timestamp = {2015-12-08T20:41:58Z},
	Title = {{MixEst}: {An} {Estimation} {Toolbox} for {Mixture} {Models}},
	Url = {http://visionlab.ut.ac.ir/mixest},
	Year = {2015},
	Bdsk-Url-1 = {http://visionlab.ut.ac.ir/mixest}}

@article{khalili_variable_2007,
	Author = {{Khalili}, Abbas and {Chen}, Jiahua},
	File = {Abbas_Khalili_Paper_JASA1.pdf:D\:\\Documents\\Zotero\\storage\\G867TCX7\\Abbas_Khalili_Paper_JASA1.pdf:application/pdf},
	Journal = {Journal of the american {Statistical} association},
	Number = {479},
	Timestamp = {2015-09-02T13:19:21Z},
	Title = {Variable selection in finite mixture of regression models},
	Url = {http://amstat.tandfonline.com/doi/abs/10.1198/016214507000000590},
	Urldate = {2015-09-02},
	Volume = {102},
	Year = {2007},
	Bdsk-Url-1 = {http://amstat.tandfonline.com/doi/abs/10.1198/016214507000000590}}

@article{hosseini_manifold_2015,
	Author = {{Hosseini}, Reshad and {Sra}, Suvrit},
	File = {riemmix.pdf:D\:\\Documents\\Zotero\\storage\\S5WARZD5\\riemmix.pdf:application/pdf},
	Journal = {{arXiv} preprint {arXiv}:1506.07677},
	Month = jun,
	Timestamp = {2015-09-07T04:42:59Z},
	Title = {Manifold {Optimization} for {Gaussian} {Mixture} {Models}},
	Year = {2015}}

@article{barlow_possible_1961,
	Author = {{Barlow}, Horace B.},
	Journal = {Sensory {Communication}},
	Pages = {217--234},
	Timestamp = {2015-12-08T20:26:22Z},
	Title = {Possible principles underlying the transformations of sensory messages},
	Url = {http://www.citeulike.org/group/70/article/838940},
	Urldate = {2015-09-11},
	Year = {1961},
	Bdsk-Url-1 = {http://www.citeulike.org/group/70/article/838940}}

@article{permuter_study_2006,
	Author = {{Permuter}, Haim and {Francos}, Joseph and {Jermyn}, Ian},
	File = {gmm_seg_f.pdf:D\:\\Documents\\Zotero\\storage\\QJA45A8R\\gmm_seg_f.pdf:application/pdf},
	Journal = {Pattern {Recognition}},
	Number = {4},
	Pages = {695--706},
	Timestamp = {2015-09-11T13:34:25Z},
	Title = {{A} study of {Gaussian} mixture models of color and texture features for image classification and segmentation},
	Url = {http://www.sciencedirect.com/science/article/pii/S0031320305004334},
	Urldate = {2015-09-11},
	Volume = {39},
	Year = {2006},
	Bdsk-Url-1 = {http://www.sciencedirect.com/science/article/pii/S0031320305004334}}

@inproceedings{haralick_image_1985,
	Author = {{Haralick}, Robert M. and {Shapiro}, Linda G.},
	Booktitle = {1985 {Technical} {Symposium} {East}},
	Pages = {2--9},
	Publisher = {{International Society for Optics and Photonics}},
	Timestamp = {2015-12-08T05:49:48Z},
	Title = {Image segmentation techniques},
	Url = {http://proceedings.spiedigitallibrary.org/proceeding.aspx?articleid=1239673},
	Urldate = {2015-12-08},
	Year = {1985},
	Bdsk-Url-1 = {http://proceedings.spiedigitallibrary.org/proceeding.aspx?articleid=1239673}}

@article{comaniciu_mean_2002,
	Author = {{Comaniciu}, Dorin and {Meer}, Peter},
	File = {10.1.1.76.8968.pdf:D\:\\Documents\\Zotero\\storage\\U2P32DPC\\10.1.1.76.8968.pdf:application/pdf},
	Journal = {Pattern {Analysis} and {Machine} {Intelligence}, {IEEE} {Transactions} on},
	Number = {5},
	Pages = {603--619},
	Shorttitle = {Mean shift},
	Timestamp = {2015-10-06T15:24:00Z},
	Title = {Mean shift: {A} robust approach toward feature space analysis},
	Url = {http://ieeexplore.ieee.org/xpls/abs_all.jsp?arnumber=1000236},
	Urldate = {2015-10-06},
	Volume = {24},
	Year = {2002},
	Bdsk-Url-1 = {http://ieeexplore.ieee.org/xpls/abs_all.jsp?arnumber=1000236}}

@article{felzenszwalb_efficient_2004,
	Author = {{Felzenszwalb}, Pedro F. and {Huttenlocher}, Daniel P.},
	File = {Efficient Graph-Based Image Segmentation.pdf:D\:\\Documents\\Zotero\\storage\\KCC2DU3K\\Efficient Graph-Based Image Segmentation.pdf:application/pdf},
	Journal = {International {Journal} of {Computer} {Vision}},
	Number = {2},
	Pages = {167--181},
	Timestamp = {2015-10-06T15:28:45Z},
	Title = {Efficient graph-based image segmentation},
	Url = {http://link.springer.com/article/10.1023/B:VISI.0000022288.19776.77},
	Urldate = {2015-10-06},
	Volume = {59},
	Year = {2004},
	Bdsk-Url-1 = {http://link.springer.com/article/10.1023/B:VISI.0000022288.19776.77}}

@article{shi_normalized_2000,
	Author = {{Shi}, Jianbo and {Malik}, Jitendra},
	File = {fulltext.pdf:D\:\\Documents\\Zotero\\storage\\72CNUI8F\\fulltext.pdf:application/pdf},
	Journal = {Pattern {Analysis} and {Machine} {Intelligence}, {IEEE} {Transactions} on},
	Number = {8},
	Pages = {888--905},
	Timestamp = {2015-10-06T15:29:51Z},
	Title = {Normalized cuts and image segmentation},
	Url = {http://ieeexplore.ieee.org/xpls/abs_all.jsp?arnumber=868688},
	Urldate = {2015-10-06},
	Volume = {22},
	Year = {2000},
	Bdsk-Url-1 = {http://ieeexplore.ieee.org/xpls/abs_all.jsp?arnumber=868688}}

@article{chan_active_2001,
	Author = {{Chan}, Tony F. and {Vese}, Luminita and {others}},
	File = {10.1.1.2.1828.pdf:D\:\\Documents\\Zotero\\storage\\Q2TQ6AV4\\10.1.1.2.1828.pdf:application/pdf},
	Journal = {Image processing, {IEEE} transactions on},
	Number = {2},
	Pages = {266--277},
	Timestamp = {2015-10-06T15:32:07Z},
	Title = {Active contours without edges},
	Url = {http://ieeexplore.ieee.org/xpls/abs_all.jsp?arnumber=902291},
	Urldate = {2015-10-06},
	Volume = {10},
	Year = {2001},
	Bdsk-Url-1 = {http://ieeexplore.ieee.org/xpls/abs_all.jsp?arnumber=902291}}

@article{ohlander_picture_1978,
	Author = {{Ohlander}, Ron and {Price}, Keith and {Reddy}, D. Raj},
	Journal = {Computer {Graphics} and {Image} {Processing}},
	Number = {3},
	Pages = {313--333},
	Timestamp = {2015-10-06T15:34:03Z},
	Title = {Picture segmentation using a recursive region splitting method},
	Url = {http://www.sciencedirect.com/science/article/pii/0146664X78900606},
	Urldate = {2015-10-06},
	Volume = {8},
	Year = {1978},
	Bdsk-Url-1 = {http://www.sciencedirect.com/science/article/pii/0146664X78900606}}

@article{brice_scene_1970,
	Author = {{Brice}, Claude R. and {Fennema}, Claude L.},
	File = {0a85e53a1d7ee3f1a2000000.pdf:D\:\\Documents\\Zotero\\storage\\RNGVTWFE\\0a85e53a1d7ee3f1a2000000.pdf:application/pdf},
	Journal = {Artificial intelligence},
	Number = {3},
	Pages = {205--226},
	Timestamp = {2015-10-06T15:34:26Z},
	Title = {Scene analysis using regions},
	Url = {http://www.sciencedirect.com/science/article/pii/0004370270900081},
	Urldate = {2015-10-06},
	Volume = {1},
	Year = {1970},
	Bdsk-Url-1 = {http://www.sciencedirect.com/science/article/pii/0004370270900081}}

@article{beare_locally_2006,
	Author = {{Beare}, Richard},
	File = {10.1109_TPAMI.2006.132-A-locally-constrained-watershed-transform.pdf:D\:\\Documents\\Zotero\\storage\\DEWFGH7B\\10.1109_TPAMI.2006.132-A-locally-constrained-watershed-transform.pdf:application/pdf},
	Journal = {Pattern {Analysis} and {Machine} {Intelligence}, {IEEE} {Transactions} on},
	Number = {7},
	Pages = {1063--1074},
	Timestamp = {2015-10-06T15:48:25Z},
	Title = {{A} locally constrained watershed transform},
	Url = {http://ieeexplore.ieee.org/xpls/abs_all.jsp?arnumber=1634338},
	Urldate = {2015-10-06},
	Volume = {28},
	Year = {2006},
	Bdsk-Url-1 = {http://ieeexplore.ieee.org/xpls/abs_all.jsp?arnumber=1634338}}

@inproceedings{deng_imagenet_2009,
	Author = {{Deng}, Jia and {Dong}, Wei and {Socher}, Richard and {Li}, Li-Jia and {Li}, Kai and {Fei-Fei}, Li},
	Booktitle = {Computer {Vision} and {Pattern} {Recognition}, 2009. {CVPR} 2009. {IEEE} {Conference} on},
	File = {ImageNet__cvpr09.pdf:D\:\\Documents\\Zotero\\storage\\3PNZESWI\\ImageNet__cvpr09.pdf:application/pdf},
	Pages = {248--255},
	Publisher = {{IEEE}},
	Shorttitle = {Imagenet},
	Timestamp = {2015-10-06T16:00:44Z},
	Title = {Imagenet: {A} large-scale hierarchical image database},
	Url = {http://ieeexplore.ieee.org/xpls/abs_all.jsp?arnumber=5206848},
	Urldate = {2015-10-06},
	Year = {2009},
	Bdsk-Url-1 = {http://ieeexplore.ieee.org/xpls/abs_all.jsp?arnumber=5206848}}

@inproceedings{kim_multiple_2012,
	Author = {{Kim}, Gunhee and {Xing}, Eric P.},
	Booktitle = {Computer {Vision} and {Pattern} {Recognition} ({CVPR}), 2012 {IEEE} {Conference} on},
	Pages = {837--844},
	Publisher = {{IEEE}},
	Timestamp = {2015-10-06T16:16:35Z},
	Title = {On multiple foreground cosegmentation},
	Url = {http://ieeexplore.ieee.org/xpls/abs_all.jsp?arnumber=6247756},
	Urldate = {2015-10-06},
	Year = {2012},
	Bdsk-Url-1 = {http://ieeexplore.ieee.org/xpls/abs_all.jsp?arnumber=6247756}}

@inproceedings{joulin_multiclass_2012,
	Author = {{Joulin}, Armand and {Bach}, Francis and {Ponce}, Jean},
	Booktitle = {Computer {Vision} and {Pattern} {Recognition} ({CVPR}), 2012 {IEEE} {Conference} on},
	Pages = {542--549},
	Publisher = {{IEEE}},
	Timestamp = {2015-10-06T16:17:34Z},
	Title = {Multi-class cosegmentation},
	Url = {http://ieeexplore.ieee.org/xpls/abs_all.jsp?arnumber=6247719},
	Urldate = {2015-10-06},
	Year = {2012},
	Bdsk-Url-1 = {http://ieeexplore.ieee.org/xpls/abs_all.jsp?arnumber=6247719}}

@inproceedings{rother_cosegmentation_2006,
	Author = {{Rother}, Carsten and {Minka}, Tom and {Blake}, Andrew and {Kolmogorov}, Vladimir},
	Booktitle = {Computer {Vision} and {Pattern} {Recognition}, 2006 {IEEE} {Computer} {Society} {Conference} on},
	File = {cvpr06-coseg-tr.pdf:D\:\\Documents\\Zotero\\storage\\XUMVPM5P\\cvpr06-coseg-tr.pdf:application/pdf},
	Pages = {993--1000},
	Publisher = {{IEEE}},
	Timestamp = {2015-10-06T16:43:59Z},
	Title = {Cosegmentation of image pairs by histogram matching-incorporating a global constraint into mrfs},
	Url = {http://ieeexplore.ieee.org/xpls/abs_all.jsp?arnumber=1640859},
	Urldate = {2015-10-06},
	Volume = {1},
	Year = {2006},
	Bdsk-Url-1 = {http://ieeexplore.ieee.org/xpls/abs_all.jsp?arnumber=1640859}}

@article{rother_grabcut_2004,
	Author = {{Rother}, Carsten and {Kolmogorov}, Vladimir and {Blake}, Andrew},
	File = {GrabCut (sig04).pdf:D\:\\Documents\\Zotero\\storage\\TA7Q9UQ9\\GrabCut (sig04).pdf:application/pdf},
	Journal = {{ACM} {Transactions} on {Graphics} ({TOG})},
	Number = {3},
	Pages = {309--314},
	Shorttitle = {Grabcut},
	Timestamp = {2015-10-07T19:23:45Z},
	Title = {Grabcut: {Interactive} foreground extraction using iterated graph cuts},
	Url = {http://dl.acm.org/citation.cfm?id=1015720},
	Urldate = {2015-10-07},
	Volume = {23},
	Year = {2004},
	Bdsk-Url-1 = {http://dl.acm.org/citation.cfm?id=1015720}}

@article{nguyen_robust_2012,
	Author = {{Nguyen}, Thi Nhat Anh and {Cai}, Jianfei and {Zhang}, Juyong and {Zheng}, Jianmin},
	Journal = {Image {Processing}, {IEEE} {Transactions} on},
	Number = {8},
	Pages = {3734--3743},
	Timestamp = {2015-10-07T19:26:06Z},
	Title = {Robust interactive image segmentation using convex active contours},
	Url = {http://ieeexplore.ieee.org/xpls/abs_all.jsp?arnumber=6172570},
	Urldate = {2015-10-07},
	Volume = {21},
	Year = {2012},
	Bdsk-Url-1 = {http://ieeexplore.ieee.org/xpls/abs_all.jsp?arnumber=6172570}}

@inproceedings{banerjee_clustering_2005,
	Annote = {second vMF by Sra},
	Author = {{Banerjee}, Arindam and {Dhillon}, Inderjit S. and {Ghosh}, Joydeep and {Sra}, Suvrit},
	Booktitle = {Journal of {Machine} {Learning} {Research}},
	File = {Clustering on the Unit Hypersphere using von Mises-Fisher Distributions.pdf:D\:\\Documents\\Zotero\\storage\\JEHDWQMC\\Clustering on the Unit Hypersphere using von Mises-Fisher Distributions.pdf:application/pdf},
	Pages = {1345--1382},
	Timestamp = {2015-05-19T11:14:14Z},
	Title = {Clustering on the unit hypersphere using von {Mises}-{Fisher} distributions},
	Url = {http://machinelearning.wustl.edu/mlpapers/paper_files/BanerjeeDGS05.pdf},
	Urldate = {2015-05-19},
	Year = {2005},
	Bdsk-Url-1 = {http://machinelearning.wustl.edu/mlpapers/paper_files/BanerjeeDGS05.pdf}}

@inproceedings{arthur_kmeans_2007,
	Author = {{Arthur}, David and {Vassilvitskii}, Sergei},
	Booktitle = {Proceedings of the eighteenth annual {ACM}-{SIAM} symposium on {Discrete} algorithms},
	File = {kmeans++.pdf:D\:\\Documents\\Zotero\\storage\\M27B3BCT\\kmeans++.pdf:application/pdf},
	Pages = {1027--1035},
	Publisher = {{Society for Industrial and Applied Mathematics}},
	Shorttitle = {k-means++},
	Timestamp = {2015-05-19T13:10:31Z},
	Title = {k-means++: {The} advantages of careful seeding},
	Url = {http://dl.acm.org/citation.cfm?id=1283494},
	Urldate = {2015-05-19},
	Year = {2007},
	Bdsk-Url-1 = {http://dl.acm.org/citation.cfm?id=1283494}}
